@article{kahn1999computer,
  title={A Computer Game To Teach Programming.},
  author={Kahn, Ken},
  year={1999},
  publisher={ERIC}
}
@article{combefis2016learning,
  title={Learning programming through games and contests: overview, characterisation and discussion},
  author={Comb{\'e}fis, S{\'e}bastien and Beresnevi{\v{c}}ius, Gytautas and Dagien{\.e}, Valentina},
  journal={Olympiads in Informatics},
  volume={10},
  number={1},
  pages={39--60},
  year={2016}
}